@inproceedings{ferrari2020nosql,
  title={\lr{Nosql breakdown: A large-scale analysis of misconfigured nosql services}},
  author={\lr{Ferrari, Dario and Carminati, Michele and Polino, Mario and Zanero, Stefano}},
  booktitle={\lr{Annual computer security applications conference}},
  pages={567--581},
  year={2020}
}

@article{mongoransacked,
  author          = {\lr{Liam Tung}},
  journal         = {\href{https://www.zdnet.com/article/mongodb-ransacked-now-27000-databases-hit-in-mass-ransom-attacks/}{https://www.zdnet.com/article/mongodb-ransacked-now-27000-databases-hit-in-mass-ransom-attacks/}},
  title           = {\lr{MongoDB ransacked: Now 27,000 databsaes hit in mass ransom attacks}},
  year            = {2017}
}

@article{dbengines,
  author          = {\lr{DB-Engines}},
  journal         = {\href{https://db-engines.com/en/ranking}{https://db-engines.com/en/ranking}},
  title           = {\lr{DB-Engines Ranking}},
  year            = {2023}
}

@article{officialNmap,
  author          = {\lr{Nmap Security Scanner}},
  journal         = {\href{https://nmap.org/}{https://nmap.org/}},
  title           = {\lr{What is Nmap method?}},
  year            = {2023}
}

@article{officialMapReduce,
  author          = {\lr{Atlas MongoDB}},
  title           = {\lr{Map Reduce}},
  journal         = {\href{https://www.mongodb.com/docs/manual/core/map-reduce/}{https://www.mongodb.com/docs/manual/core/map-reduce/}},
  year            = {2023}
}

@article{openRediServer,
  author          = {\lr{Catalin Cimpaunu}},
  journal         = {\href{https://www.bleepingcomputer.com/news/security/around-75-percent-of-open-redis-servers-are-infected-with-malware/}{https://www.bleepingcomputer.com/news/security/around-75-percent-of-open-redis-servers-are-infected-with-malware/}},
  title           = {\lr{Around 75% of Open Redis Servers Are Infected With Malware}},
  year            = {2018}
}